@misc{ws_3FN,
  title        = {},
  howpublished = {\url{https://learn.microsoft.com/es-es/office/troubleshoot/access/database-normalization-description}},
  note         = {Accessed: 2022-07-28}
}


@inbook{db_book_cap2,
  booktitle = {SISTEMAS DE BASES DE DATOS: Modelación y Diseño Primera Parte},
  title     = {DISEÑO DE LA BASE DE DATOS},
  author    = {García Hernández, Lucina and Montes de Oca Richardson, Martha},
  year      = {2005},
  publisher = {Editorial Félix Varela},
  isbn      = {959-258-881-3},
  pages     = {40-64}
}

@inbook{db_book_cap3,
  booktitle = {SISTEMAS DE BASES DE DATOS: Modelación y Diseño Primera Parte},
  title     = {MODELOS MATEMÁTICOS DE DATOS},
  author    = {García Hernández, Lucina and Montes de Oca Richardson, Martha},
  year      = {2005},
  publisher = {Editorial Félix Varela},
  isbn      = {959-258-881-3},
  pages     = {65-110}
}

@inbook{db_book_cap4,
  booktitle = {SISTEMAS DE BASES DE DATOS: Modelación y Diseño Primera Parte},
  title     = {DISEÑO DE BASES DE DATOS RELACIONALES},
  author    = {García Hernández, Lucina and Montes de Oca Richardson, Martha},
  year      = {2005},
  publisher = {Editorial Félix Varela},
  isbn      = {959-258-881-3},
  pages     = {111-134}
}


@inbook{db_requirement_analysis,
  booktitle = {Conceptual Modeling, Databases, and Case},
  title     = {The role of form analysis in computer-aided software engineering},
  author    = {Choobineh, J. and Mannino, M.V. and Tseng, V.P.},
  year      = {1992},
  publisher = {Wiley},
  isbn      = {0471554626},
  pages     = {433-445}
}

